@article{baker2020impact,
  title={{The impact of COVID-19 nonpharmaceutical interventions on the future dynamics of endemic infections}},
  author={Baker, Rachel E and Park, Sang Woo and Yang, Wenchang and Vecchi, Gabriel A and Metcalf, C Jessica E and Grenfell, Bryan T},
  journal={Proceedings of the National Academy of Sciences},
  volume={117},
  number={48},
  pages={30547--30553},
  year={2020},
  publisher={National Acad Sciences}
}

@article{gunderson2000ecological,
  title={Ecological resilienceâ€”in theory and application},
  author={Gunderson, Lance H},
  journal={Annual review of ecology and systematics},
  volume={31},
  number={1},
  pages={425--439},
  year={2000},
  publisher={Annual Reviews 4139 El Camino Way, PO Box 10139, Palo Alto, CA 94303-0139, USA}
}

@article{neubert1997alternatives,
  title={Alternatives to resilience for measuring the responses of ecological systems to perturbations},
  author={Neubert, Michael G and Caswell, Hal},
  journal={Ecology},
  volume={78},
  number={3},
  pages={653--665},
  year={1997},
  publisher={Wiley Online Library}
}

@article{pimm1979structure,
  title={The structure of food webs},
  author={Pimm, Stuart L},
  journal={Theoretical population biology},
  volume={16},
  number={2},
  pages={144--158},
  year={1979},
  publisher={Elsevier}
}

@article{dakos2022ecological,
  title={Ecological resilience: what to measure and how},
  author={Dakos, Vasilis and K{\'e}fi, Sonia},
  journal={Environmental Research Letters},
  volume={17},
  number={4},
  pages={043003},
  year={2022},
  publisher={IOP Publishing}
}

@article{koltai2022determinants,
  title={{Determinants of RSV epidemiology following suppression through pandemic contact restrictions}},
  author={Koltai, Mihaly and Krauer, Fabienne and Hodgson, David and van Leeuwen, Edwin and Treskova-Schwarzbach, Marina and Jit, Mark and Flasche, Stefan},
  journal={Epidemics},
  volume={40},
  pages={100614},
  year={2022},
  publisher={Elsevier}
}

@article{park2024predicting,
  title={{Predicting the impact of non-pharmaceutical interventions against COVID-19 on Mycoplasma pneumoniae in the United States}},
  author={Park, Sang Woo and Noble, Brooklyn and Howerton, Emily and Nielsen, Bjarke F and Lentz, Sarah and Ambroggio, Lilliam and Dominguez, Samuel and Messacar, Kevin and Grenfell, Bryan T},
  journal={Epidemics},
  volume={49},
  pages={100808},
  year={2024},
  publisher={Elsevier}
}

@article{gomez2021uncertain,
  title={Uncertain effects of the pandemic on respiratory viruses},
  author={Gomez, Gabriela B and Mah{\'e}, Cedric and Chaves, Sandra S},
  journal={Science},
  volume={372},
  number={6546},
  pages={1043--1044},
  year={2021},
  publisher={American Association for the Advancement of Science}
}

@article{bender1984perturbation,
  title={Perturbation experiments in community ecology: theory and practice},
  author={Bender, Edward A and Case, Ted J and Gilpin, Michael E},
  journal={Ecology},
  volume={65},
  number={1},
  pages={1--13},
  year={1984},
  publisher={Wiley Online Library}
}

@article{ives2007stability,
  title={Stability and diversity of ecosystems},
  author={Ives, Anthony R and Carpenter, Stephen R},
  journal={science},
  volume={317},
  number={5834},
  pages={58--62},
  year={2007},
  publisher={American Association for the Advancement of Science}
}

@article{scheffer2009early,
  title={Early-warning signals for critical transitions},
  author={Scheffer, Marten and Bascompte, Jordi and Brock, William A and Brovkin, Victor and Carpenter, Stephen R and Dakos, Vasilis and Held, Hermann and Van Nes, Egbert H and Rietkerk, Max and Sugihara, George},
  journal={Nature},
  volume={461},
  number={7260},
  pages={53--59},
  year={2009},
  publisher={Nature Publishing Group}
}
